<?xml version="1.0" encoding="UTF-8"?><record xmlns="http://www.loc.gov/MARC21/slim" xmlns:cinclude="http://apache.org/cocoon/include/1.0" xmlns:zs="http://www.loc.gov/zing/srw/">
  <leader>00440nz  a2200133n  4500</leader>
  <controlfield tag="001">nr 95002130 </controlfield>
  <controlfield tag="003">DLC</controlfield>
  <controlfield tag="005">19950131061754.8</controlfield>
  <controlfield tag="008">950118n| acannaab|          |a aaa     c</controlfield>
  <datafield tag="010" ind1=" " ind2=" ">
    <subfield code="a">nr 95002130 </subfield>
  </datafield>
  <datafield tag="040" ind1=" " ind2=" ">
    <subfield code="a">NIC</subfield>
    <subfield code="c">NIC</subfield>
  </datafield>
  <datafield tag="100" ind1="1" ind2="0">
    <subfield code="a">Uraganov, Ėrnest,</subfield>
    <subfield code="d">1959-</subfield>
  </datafield>
  <datafield tag="400" ind1="1" ind2="0">
    <subfield code="a">Suleĭmani︠a︡n, Andranik,</subfield>
    <subfield code="d">1959-</subfield>
  </datafield>
  <datafield tag="670" ind1=" " ind2=" ">
    <subfield code="a">Solnt︠s︡e v gorle, 1993:</subfield>
    <subfield code="b">t.p. (Ėrnest Uraganov) colophon (Ėrnest Uraganov (Andranik Suleĭmani︠a︡n); b. 1959)</subfield>
  </datafield>
</record>